@article{costin-etal,
  author    = {O. Costin and M. Huang and W. Schlag},
  title     = {On the spectral properties of {$L_{\pm}$} in three dimensions},
  journal   = {Nonlinearity},
  volume    = 25,
  pages     = {125-164},
  year      = 2012
}

@article{dubrovin,
  author    = {O. Costin and M. Huang and S. Tanveer},
  title     = {Proof of the {D}ubrovin conjecture and analysis of the
                  tritronque solutions of {PI}},
  journal   = {Duke Journal of Mathematics},
  volume    = 163,
  number    = 4,
  pages     = {665-704},
  year      = 2014
}

@article{brown-etal,
  author    = {G. Brown and A. Roshko},
  title     = {On density effects and large structure in turbulent mixing layers},
  journal   = {Journal of Fluid Mechanics},
  volume    = 64,
  number    = 4,
  pages     = {775-816},
  year      = 1974
}


@book{saffman,
  author    = {P. Saffman},
  title     = {Vortex dynamics},
  publisher = {Cambridge University Press},
  year      = 1992,
  address   = {Cambridge},
}

@article{pierrehumbert,
  author    = {R. T. Pierrehumbert},
  title     = {A family of steady translating vortex pairs with distributed vorticity},
  journal   = {Journal of Fluid Mechanics},
  volume    = 99,
  pages     = {129-144},
  year      = 1980
}

@article{overman-etal,
  author    = {H. M. Wu and E. A. {Overman II} and N. J. Zabusky},
  title     = {Steady-state solution of the {E}uler equations in two
                  dimensions: rotating and translating {V}-states with
                  limiting cases. I. Numerical algorithms and results},
  journal   = {Journal of Computational Physics},
  volume    = 53,
  pages     = {42-71},
  year      = 1984
}

@article{blasius-iop,
  author    = {O. Costin and T. E. Kim and S. Tanveer},
  title     = {A quasi-solution approach to nonlinear problems--the
                  case of {B}lasius similarity solution},
  journal   = {Fluid Dynamics Research},
  volume    = 46,
  number    = 3,
  pages     = 031419,
  year      = 2014
}

@article{blasius-siam,
  author    = {O. Costin and S. Tanveer},
  title     = {Analytical approximation of the {B}lasius similarity
                  solution with rigorous error bounds},
  journal   = {SIAM Journal on Mathematical Analysis},
  volume    = 46,
  number    = 6,
  pages     = {3782-3813},
  year      = 2014
}

This is how arXiv articles may be recorded.
@misc{tanveer-water,
  author    = {S. Tanveer},
  title     = {Analytical approximation for 2-{D} nonlinear periodic deep water waves},
  howpublished = {arXiv:1309.5801},
  year      = 2013
}

@article{tanveer-vsheet,
  author    = {S. Tanveer},
  title     = {A steadily translating pair of equal and opposite vortices with vortex sheets on their boundaries},
  journal   = {Studies in Applied Mathematics},
  volume    = 74,
  issue     = 2,
  pages     = {139-154},
  year      = 1986
}

@book{ablowitz-foka,
  author    = {M. J. Ablowitz and A. S. Fokas},
  title     = {Complex variables: introduction and applications},
  publisher = {Cambridge University Press},
  year      = 2003,
  address   = {Cambridge},
}

@book{henrici,
  author    = {P. Henrici},
  title     = {Applied and computational complex analysis},
  publisher = {John Wiley \& Sons, Inc.},
  year      = 1986
}

@article{pullin,
  author    = {D. I. Pullin},
  title     = {The nonlinear behaviour of a constant vorticity layer at a wall},
  journal   = {Journal of Fluid Mechanics},
  volume    = 108,
  pages     = {401-421},
  year      = 1981
}

@article{cdgh,
  author    = {O. Costin and R. Donninger and I. Glogi{\'c} and M. Huang},
  title     = {On the stability of self-similar solutions to nonlinear wave equations},
  journal   = {Communications in Mathematical Physics},
  volume    = 343,
  pages     = {299-310},
  year      = 2016
}

@article{costin-xia,
  author    = {O. Costin and X. Xia},
  title     = {From {T}aylor series of analytic functions to their global analysis},
  journal   = {Nonlinear Analysis},
  volume    = 119,
  pages     = {106-114},
  year      = 2015
}

@article{adali-tanveer,
  author    = {A. Adali and S. Tanveer},
  title     = {Rigorous analytical approximation of tritronqu{\'e}e
                  solution to {P}ainlev{\'e}-{I} and the first
                  singularity},
  journal   = {Journal of Differential Equations},
  volume    = 261,
  number    = 7,
  pages     = {3843-3863},
  year      = 2016
}

@article{kobayashi,
  author    = {K. Kobayashi},
  title     = {On the global uniqueness of {S}tokes' wave of extreme form},
  journal   = {IMA Journal of Applied Mathematics},
  volume    = 75,
  number    = 5,
  pages     = {647-675},
  year      = 2010
}

@article{fraenkel,
  author    = {L. E. Fraenkel},
  title     = {A constructive existence proof for the extreme {S}tokes wave},
  journal   = {Archive for Rational Mechanics and Analysis},
  volume    = 183,
  number    = 2,
  pages     = {187-214},
  year      = 2007
}

@article{castelli-lessard,
  author    = {R. Castelli and J. P. Lessard},
  title     = {Rigorous numerics in {F}loquet theory: computing stable
                  and unstable bundles of periodic orbits},
  journal   = {SIAM Journal on Applied Dynamical Systems},
  volume    = 12,
  number    = 1,
  pages     = {204-245},
  year      = 2013
}

@article{gameiro-lessard,
  author    = {M. Gameiro and J. P. Lessard},
  title     = {Rigorous computation of smooth branches of equilibria
                  for the three-dimensional {Cahn-Hilliard} equation},
  journal   = {Numerische Mathematik},
  volume    = 117,
  number    = 4,
  pages     = {753-778},
  year      = 2011
}

@article{zglic,
  author    = {P. Zgliczy{\'n}ski},
  title     = {Rigorous numerics for dissipative partial differential
                  equations. {II}. {P}eriodic orbit for the
                  {Kuramoto-Sivashinsky PDE}--a computer-assisted
                  proof},
  journal   = {Foundations of Computational Mathematics},
  volume    = 4,
  number    = 2,
  pages     = {157-185},
  year      = 2004
}

@article{zglic-misch,
  author    = {P. Zgliczy{\'n}sky and K. Mischaikow},
  title     = {Rigorous numerics for partial differential equations:
                  the {Kuramoto-Sivashinsky} equation},
  journal   = {Foundations of Computational Mathematics},
  volume    = 1,
  number    = 3,
  pages     = {255-288},
  year      = 2001
}

@book{marchioro-pulvirenti,
  author    = {C. Marchioro and M. Pulvirenti},
  title     = {Vortex Methods in Two-Dimensional Fluid Dynamics},
  publisher = {Springer-Verlag},
  year      = 1984
}

@book{atkinson-han,
  author    = {K. Atkinson and W. Han},
  title     = {Theoretical Numerical Analysis},
  publisher = {Springer},
  year      = 2005
}  

@article{trefethen-weideman,
  author    = {L. N. Trefethen and J. A. C. Weideman},
  title     = {The exponentially convergent trapezoidal rule},
  journal   = {SIAM Review},
  volume    = 56,
  number    = 3,
  pages     = {385-458},
  year      = 2014
}

@book{davis,
  author    = {P. J. Davis},
  title     = {The Schwarz Function and its Applications},
  publisher = {Carus Mathematical Monographs},
  year      = 1974
}

@article{crowdy-vortex_array,
  author    = {D. G. Crowdy},
  title     = {Exact solutions for rotating vortex arrays with finite-are cores},
  journal   = {Journal of Fluid Mechanics},
  volume    = 469,
  pages     = {209-235},
  year      = 2002
}

@phdthesis{tk-thesis,
  author       = {T. E. Kim}, 
  title        = {Quasi-solution Approach to Nonlinear Integro-differential Equations: Application to 2-D Vortex Patch Problems},
  school       = {The Ohio State University},
  year         = 2017
}

